
@misc{western_australian_government_water_nodate,
	title = {Water quality},
	copyright = {http://wadow.clients.squiz.net/copyright},
	url = {https://www.water.wa.gov.au/water-topics/water-quality},
	abstract = {Click here for information about water quality, including public drinking water source areas, salinity, brochures, fact sheets and best management practices for various land uses and activities to help protect water quality and public health.},
	language = {en},
	urldate = {2023-02-11},
	author = {Western Australian Government, Department of Water},
	note = {Archive Location: (Commonwealth of) Australia
Publisher: Western Australian Government, Department of Water},
	file = {Snapshot:C\:\\Users\\Bryan\\Zotero\\storage\\VN9Y8NSE\\water-quality.html:text/html},
}

@misc{sanctuary_what_nodate,
	title = {What is water quality?},
	url = {https://floridakeys.noaa.gov/ocean/waterquality.html},
	abstract = {Water quality describes the condition of the water, including chemical, physical, and biological characteristics, usually with respect to its suitability for a particular purpose such as drinking or swimming},
	urldate = {2023-02-10},
	author = {National Marine Florida},
	file = {Snapshot:C\:\\Users\\Bryan\\Zotero\\storage\\KURV3WA3\\waterquality.html:text/html},
}
