
@article{water-11-02210,
	title = {Efficient Water Quality Prediction Using Supervised Machine Learning},
	url = {https://www.mdpi.com/2073-4441/11/11/2210},
	doi = {10.3390/w11112210},
	language = {en},
	number = {1},
	journal = {Water},
	author = {Umair Ahmed, Rafia Mumtaz},
	month = 10,
	year = {2019},
	pages = {14},
}

@phdthesis{ReluBarcelona, 
	title={Extracción de cráneo en imágenes de resonancia magnética del cerebro utilizando una red neuronal convolucional}, 
	url={https://upcommons.upc.edu/handle/2117/100384}, 
	school={UPC, Escola Tècnica Superior d'Enginyeria de Telecomunicació de Barcelona, Departament de Teoria del Senyal i Comunicacions}, 
	author={Rodríguez Castello, David}, 
	year={2017}, 
	month={Jan}
}

@article{SeriesTemporalesAvanzadas,
	title = {Series Temporales Avanzadas: Aplicación de Redes Neuronales para el Pronóstico de Series de Tiempo},
	url = {https://masteres.ugr.es/estadistica-aplicada/sites/master/moea/public/inline-files/TFM_FernAndez%20SalgueroRicardo%20Alonzo.pdf},
	journal = {Universidad de Granada},
	author = {Salguero, Ricardo Alonzo Fernández and Morales, Francisco Javier Alonso},
	year = {2021},
	volume = {64},
}

@article{RNAlineasDeTransmisión,
	title = {Aplicación de Redes Neuronales Artificiales en la Protección de Distancia en Líneas de Transmisión},
	url = {https://revistas.utp.edu.co/index.php/revistaciencia/article/view/7311/4321},
	journal = {Universidad Tecnológica de Pereira},
	author = {Izasa, Ricardo Alberto and Isaza, Carlos Salazar},
	year = {2004},
	number = {24},
}

@article{RNAconceptosBasicos,
	title = {Redes Neuronales: Conceptos Básicos y Aplicaciones},
	url = {https://d1wqtxts1xzle7.cloudfront.net/36957218/redesneuronales-libre.pdf?1426217818=&response-content-disposition=inline%3B+filename%3DRedes_Neuronales_Conceptos_Basicos_y_Apl.pdf},
	journal = {Universidad Tecnológica Nacional. Facultad Regional Rosario},
	author = {Matich, Damián Jorge},
	year = {2001},
}

@article{tanhArgentina,
	title = {Aplicación de Redes Neuronales Artificiales para la Predicción de Calidad del Aire},
	url = {https://ri.conicet.gov.ar/bitstream/handle/11336/99265/CONICET_Digital_Nro.3cfeee82-3282-4fe5-a189-a2634759b695_A.pdf?sequence=2&isAllowed=y},
	journal = {Asociación Argentina de Mecánica Computacional},
	author = {Chiarvetto, L. and Saravia, F.},
	month = 11,
	year = {2008},
	pages = {3607-3625},
}
