
@article{hmoud_al-adhaileh_modelling_2021,
	title = {Modelling and {Prediction} of {Water} {Quality} by {Using} {Artificial} {Intelligence}},
	volume = {13},
	copyright = {https://creativecommons.org/licenses/by/4.0/},
	issn = {2071-1050},
	url = {https://www.mdpi.com/2071-1050/13/8/4259},
	doi = {10.3390/su13084259},
	abstract = {Artiﬁcial intelligence methods can remarkably reduce costs for water supply and sanitation systems and help ensure compliance with the quality of drinking and wastewater treatment. Therefore, modelling and predicting water quality to control water pollution has been widely researched. The novelty of the proposed system is presented to develop an efﬁcient operation of monitoring drinking water to ensure a sustainable and friendly green environment. In this work, the adaptive neuro-fuzzy inference system (ANFIS) algorithm was developed to predict the water quality index (WQI). Feed-forward neural network (FFNN) and K-nearest neighbors were applied to classify water quality. The dataset has eight signiﬁcant parameters, but seven parameters were considered to show signiﬁcant values. The proposed methodology was developed based on these statistical parameters. Prediction results demonstrated that the ANFIS model was superior for the prediction of WQI values. Nevertheless, the FFNN algorithm achieved the highest accuracy (100\%) for water quality classiﬁcation (WQC). Furthermore, the ANFIS model accurately predicted WQI, and the FFNN model showed superior robustness in classifying the WQC. In addition, the ANFIS model showed accuracy during the testing phase, with a regression coefﬁcient of 96.17\% for predicting WQI, and the FFNN model achieved the highest accuracy (100\%) for WQC. This proposed method, using advanced artiﬁcial intelligence, can aid in water treatment and management.},
	language = {en},
	number = {8},
	urldate = {2024-05-05},
	journal = {Sustainability},
	author = {Hmoud Al-Adhaileh, Mosleh and Waselallah Alsaade, Fawaz},
	month = apr,
	year = {2021},
	pages = {4259},
	file = {Hmoud Al-Adhaileh y Waselallah Alsaade - 2021 - Modelling and Prediction of Water Quality by Using.pdf:C\:\\Users\\Usuario\\Zotero\\storage\\L9SZHPGM\\Hmoud Al-Adhaileh y Waselallah Alsaade - 2021 - Modelling and Prediction of Water Quality by Using.pdf:application/pdf},
}

@article{grain_mejora_nodate,
	title = {Mejora de la productividad de un sistema de potabilización de agua},
	language = {es},
	author = {Grain, Chila and Vinicio, Marcos},
	year = {2023},
	number={1},
	journal = {Posgrados, Universidad Politécnica Salesiana de Ecuador},
	file = {Grain y Vinicio - Mejora de la productividad de un sistema de potabi.pdf:C\:\\Users\\Usuario\\Zotero\\storage\\WCDRFFSX\\Grain y Vinicio - Mejora de la productividad de un sistema de potabi.pdf:application/pdf},
}

@article{zuluaga-gomez_techniques_2020,
	title = {Techniques for water disinfection, decontamination and desalinization: a review},
	volume = {181},
	shorttitle = {Techniques for water disinfection, decontamination and desalinization},
	url = {http://www.deswater.com/DWT_abstracts/vol_181/181_2020_47.pdf},
	doi = {10.5004/dwt.2020.25073},
	abstract = {Freshwater is a critical component for social and economic sustainability, but also the water scarcity is a foremost threat nowadays. During the last century, many governments have been implementing public policies for reducing the water consumption, optimize the potabilization processes, and promote cleaner techniques for wastewater treatment such as desalinization, heterogeneous photocatalysis, oxidation processes, ozonation, and so on. The review begins with a short presentation of the first explored water purification techniques starting from the Bronze Age, then, it is presented the minimum quality parameters and comments that disinfection, decontamination, and desalinization of wastewater and seawater must achieve. It is also reviewed several water purification methods based on microbiological, chemical and physical techniques. This review conveys a fine reviewing of solar stills, solar collectors and heterogeneous photocatalysis, presenting characteristics and latest innovations from several researchers. Finally, the residual products from those techniques are also called “by-products”, therefore, it is explained the main methodologies that current researchers are employing for reducing, but also for exploitation of by-products in two or three-stage (fish farming or crop irrigation) processes.},
	language = {en},
	urldate = {2024-05-05},
	journal = {DESALINATION AND WATER TREATMENT},
	author = {Zuluaga-Gomez, J. and Bonaveri, P. and Zuluaga, D. and Álvarez-Peña, C. and Ramírez-Ortiz, N.},
	year = {2020},
	pages = {47--63},
	file = {Zuluaga-Gomez et al. - 2020 - Techniques for water disinfection, decontamination.pdf:C\:\\Users\\Usuario\\Zotero\\storage\\AXYBA563\\Zuluaga-Gomez et al. - 2020 - Techniques for water disinfection, decontamination.pdf:application/pdf},
}

@article{mendivelso_prueba_2022,
	title = {Prueba no paramétrica de correlación de {Spearman}},
	volume = {24},
	issn = {2745-116X, 0123-4250},
	url = {https://revistas.unisanitas.edu.co/index.php/rms/article/view/578},
	doi = {10.26852/01234250.578},
	abstract = {Correlation is a statistical measure that allows knowing the degree of linear association between two quantitative or ordinal variables (x, y). It also determines the strength of the association and the direction that this relationship takes by calculating the correlation coefficient, the result of which can vary in the interval [-1, +1]. The closer the correlation coefficient is to 1, the stronger the association. When a relationship is random or does not exist, the coefficient tends to be zero. Correlation coefficients only measure linear relationships of continuous variables with normal (Pearson) or monotone distribution with ordinal variables organized in ranks or hierarchies (Spearman), which tend to change at the same time, but not necessarily at a constant rate. Correlation tests are widely used in biomedical research to determine the tendency of two variables to go together, which is also called covariance; This does not necessarily mean that when a correlation (+/-) is reported, it represents a cause and effect relationship.},
	language = {es},
	number = {1},
	urldate = {2024-05-05},
	journal = {Revista Médica Sanitas},
	author = {Mendivelso, Fredy},
	month = aug,
	year = {2022},
	file = {Mendivelso - 2022 - Prueba no paramétrica de correlación de Spearman.pdf:C\:\\Users\\Usuario\\Zotero\\storage\\AYJCFZ6D\\Mendivelso - 2022 - Prueba no paramétrica de correlación de Spearman.pdf:application/pdf},
}

@article{pinilla_pearson_2021,
	title = {¿{Pearson} y {Spearman}, coeﬁcientes intercambiables?},
	volume = {14},
	abstract = {We propose a discussion on the well-known way of presenting non-parametric methods as an “alternative” for the study of parameters when certain assumptions are not met. The consequences can be the source of many disappointments when we naively admit that one method solves the same problem as another and we end up without even wondering which one we have solved. Our discussion focuses on the Pearson and Spearman correlation coeﬃcients, but it may well be carried over to other data analysis tools.},
	language = {es},
	number = {1},
	journal = {Comunicaciones en Estadística},
	author = {Pinilla, Jorge Ortiz and Rico, Andrés Felipe Ortiz},
	year = {2021},
	file = {Pinilla y Rico - 2021 - ¿Pearson y Spearman, coeﬁcientes intercambiables.pdf:C\:\\Users\\Usuario\\Zotero\\storage\\Y85NBLLN\\Pinilla y Rico - 2021 - ¿Pearson y Spearman, coeﬁcientes intercambiables.pdf:application/pdf},
}

@article{Cambioclimatico,
	title = {Cambio climático y su impacto en el territorio},
	language = {es},
	number = {1},
	pages = {13--25},
	journal = {Colección Manuel A. Pérez Solís},
	author = {Mandujano, J. and Rodríguez Ocaña, L.},
	month = 4,
	year = {2019},
}

@article{conaguaManualPotabilización,
	title = {Manual de Agua Potable, Alcantarillado y Saneamiento},
	volume = {46},
	shorttitle = {Operación y Mantenimiento de Plantas de Tratamiento de Aguas Residuales Municipales: Pretratamiento y tratamiento primario},
	language = {es},
	author = {Comisión Nacional del Agua},
	journal = {Manual de Agua Potable, Alcantarillado y Saneamiento},
	year = {2013},
	pages = {1--15,29--35},
	file = {Subdirección General de Agua Potable, Drenaje y Saneamiento},
}

@manual{nom-127-ssa1-2021,
	title = {Norma Oficial Mexicana NOM-127-SSA1-2021, Agua para uso y consumo humano. Límites permisibles de la calidad del agua},
	language = {es},
	organization = {COFEPRIS},
	month = 5,
	year = {2022},
}

@manual{nom-179-ssa1-2020,
	title = {Norma Oficial Mexicana NOM-179-SSA1-2020, Agua para uso y consumo humano. Control de la calidad del agua distribuida por los sistemas de abastecimiento de agua},
	url = {https://www.dof.gob.mx/nota_detalle.php?codigo=5603318&fecha=22/10/2020#gsc.tab=0},
	language = {es},
	organization = {COFEPRIS},
	month = 10,
	year = {2020},
}

@book{anderson,
    title={Estadística para Administración y Economía},
    author={David Anderson, Dennis Sweeney, Thomas Williams},
    isbn={9786074813191},
    year={2008},
    publisher={Cengage Learning},
    keywords = {Estadística}
}

@book{mendenhall,
    title={Introducción a la probabilidad y estadística},
    author={William Mendenhall, Robert Beaver, Barbara Beaver},
    isbn={9786074814668},
    year={2010},
    publisher={Cengage Learning},
    keywords = {Estadistica}
}

@book{triola,
    title={Estadística},
    author={Mario Triola},
    isbn={9702605199},
    year={2004},
    publisher={Pearson Addison Weasley},
    keywords = {Estadística}
}

@book{caicedoANN,
    title={Una Aproximación Práctica A Las Redes Neuronales Artificiales},
    author={Caicedo, E. and López, J.},
    isbn={9789587655100},
    year={2017},
    publisher={Universidad del Valle Programa Editorial},
    keywords = {Redes Neuronales}
}

@book{BobadillaML,
    title={Machine Learning y Deep Learning Usando Python, Scikit y Keras},
    author={Jesús Bobadilla},
    isbn={9788499648897},
    year={2020},
    publisher={RaMa Editorial},
    keywords = {Machine Learning}
}

@book{PinedaPertuzML,
    title={Aprendizaje Automático y Profundo en Python. Una mirada hacia la Inteligencia Artificial},
    author={Carlos Pineda Pertuz},
    isbn={9788418971853},
    year={2022},
    publisher={RaMa Editorial},
    keywords = {Machine Learning}
}

@book{BigDataCandel,
    title={Big Data, Machine Learning y Data Science en Python},
    author={Ortega Candel, J.},
    isbn={9788419444592},
    year={2023},
    publisher={RaMa Editorial},
    keywords = {Data Science}
}

@book{ertel,
    title={Introduction to Artificial Intelligence},
    author={Wolfgang Ertel},
    isbn={9783319584874},
    year={2017},
    publisher={Springer International},
    keywords = {Artificial Intelligence}
}

@book{bishop,
    title={Pattern Rocognition and Machine Learning},
    author={Christopher Bishop},
    isbn={9780387310732},
    year={2006},
    publisher={Springer International},
    keywords = {Machine Learning}
}

@book{AurelienGeron,
    title={Hands-on Machine Learning with Scikit-Learn, Keras and TensorFlow},
    author={Aurélien Géron},
    isbn={9781492032649},
    year={2019},
    publisher={O´Reilly Media Inc.},
    keywords = {Machine Learning}
}

@book{deitelIA,
    title={Intro to Python for Computer Science and Data Science},
    author={Paul Deitel, Harvey Deitel},
    isbn={9781292364933},
    year={2022},
    publisher={Pearson Education},
    keywords = {Python}
}

@online{gpuHP,
    author    = "Hewlett Packard Enterprise",
    title     = "Informática GPU",
    url       = "https://www.hpe.com/mx/es/what-is/gpu-computing.html",
    keywords  = "GPU"
}

@online{gpuNVIDIA,
    author    = "NVIDIA Enterprise",
    title     = "¿What is GPU Computting?",
    url       = "https://www.nvidia.com/es-la/drivers/what-is-gpu-computing/",
    keywords  = "GPU"
}

@book{ElaineRichIA,
    title={Artificial Intelligence},
    author={Elaine Rich},
	isbn={9788448118587},
    year={1994},
    publisher={McGraw-Hill},
    keywords = {Artificial Intelligence}
}

@book{CalculoVectorialLarson,
    title={Calculo 2. De varias variables.},
    author={Ron Larson, Bruce Edwards},
	isbn={9789701071342},
    year={2010},
    publisher={McGraw-Hill},
    keywords = {Análisis Vectorial}
}

@book{CalculoVectorialDennisZill,
    title={Matemáticas 3. Cálculo de varias variables.},
    author={Zill, D. and Wright, W.},
	isbn={9786071505361},
    year={2011},
    publisher={McGraw-Hill},
    keywords = {Análisis Vectorial}
}

@article{paper01_MynorRomero,
	title = {Tratamientos Utilizados en Potabilización de Agua},
	journal = {Facultad de Ingeniería. Universidad Rafael Landívar},
	author = {Romero García, Mynor},
	year = {2010}
}

@article{paper02_TAR_Sevilla,
	title = {Tratamiento de Potabilización del Agua},
	journal = {Tecnología Ambiental. Escuela Universitaria Politécnica de Sevilla},
	author = {Tar, G.},
	year = {2006}
}

@article{penaMurillo_Potabilizacion_Rural,
	title = {Water Purification Systems in Rural Areas},
	journal = {Research Gate},
	author = {Peña, S. and Villa, G. and Zambrano, E.},
	year = {2021}
}

@article{evaluacionSubachoque,
	title = {Assessment of physicochemical parameters of water in the collection and purification processes of the Subachoque river},
	journal = {Universidad de los Andes},
	author = {Nelson Giovanny Rincón Silva},
	year = {2017}
}

@article{cantonEcuador,
	title = {Calidad del agua destinada al consumo humano en un cantón de Ecuador},
	volume = {9},
	number = {20},
	journal = {Revista Ciencia Unemi},
	author = {Baque Mite,R. and Simba Ochoa, L. and González Ozorio, B. and Díaz Ocampo, E. and Cadme Arevalo, L.},
	year = {2016},
	pages = {109-117}
}

@article{rio_Cunas,
	title = {Impactos antropogénicos en la calidad del agua del Río Cunas},
	journal = {Universidad Nacional del Centro de Perú},
	author = {Villanueva, M. and Pantoja, R.},
	year = {2012}
}

@article{waterQuality_Supervised_ML,
	title = {Efficient Water Quality Prediction Using Supervised Machine Learning},
	doi = {10.3390/w11112210},
	language = {en},
	journal = {Water, MDPI},
	author = {Ahmed, U. and Mumtaz, R. and Anwar, I. and Shah, A. and Irfan, R. and García Nieto, J},
	month = oct,
	year = {2019}
}

@Conference{low_cost_Rao,
  author       = "Rao, A and Marshall, S. and Gubbi, J. and Palaniswami, M. and Sinnott, R. and Pettigrove, V.",
  title        = "Design of Low-cost Autonomous Water Quality Monitoring System",
  booktitle    = "Communications and Informatics (ICACCI)",
  year         = "2013",
  series       = "International Conference on Advances in Computing",
  organization = "IEEE"
}

@article{bahita2021,
	title = {Water Quality Assessment of Upper Ganga Canal for Human Drinking},
	volume = {95},
	isbn = {978-3-030-51427-3},
	url = {https://link.springer.com/chapter/10.1007/978-3-030-51427-3_28},
	doi = {https://doi.org/10.1007/978-3-030-51427-3_28},
	language = {en},
	journal = {Water Science and Technology Library},
	author = {Bahita, T. and Swain, S. and Dayal, D. and Pandey. A.},
	year = {2021}
}

@article{akkoyunlu2012,
  title={Pollution evaluation in streams using water quality indices: A case study from Turkey's Sapanca Lake Basin},
  author={Akkoyunlu, Atilla and Akiner, Muhammed E},
  journal={Ecological Indicators},
  volume={18},
  pages={501--511},
  year={2012},
  publisher={Elsevier}
}
